@inbook{MIPT_Cryptography_book,
    author = "Владимиров С. М. Габидулин Э. М. Колыбельников А. И. Колыбельников А. И",
    booktitle = "Криптографические методы защиты информации",
    publisher = "Редакционно-издательский совет МФТИ",
    year = 2016,
    langid = "russian"
}

@article{dorohin_kachkov_sidorenko,
    author = "Дорохин С.В. Качков С.С. Сидоренко А.А",
    title = "Реализация блочного шифра <<Кузнечик>> с использованием векторных инструкций",
    journal = "Труды МФТИ. Труды московского физико-технического (национального исследовательского университета)",
    year = "2018",
    langid = "russian"
}

@article{borodin_rybkin,
    author = "Бородин М.А. Рыбкин А.С.",
    title = "Высокоскоростные программные реализации блочного шифра <<Кузнечик>>",
    journal = "Проблемы информационной безопасности. Компьютерные системы",
    year = "2014",
    langid = "russian"
}

@online{Exactlywb,
    author = "Белов В. Долгодворов Е. Филиппенко П. С. Фролов Д.",
    title = {grasshopper\_riscv},
    url = {https://clck.ru/36UMQa},
    urldate = {2023},
    language = "russian"
}


@online{riscv-v-spec,
  title = {RISC-V "V" Vector Extension},
  url = {https://clck.ru/VftSV},
  urldate = {2023},
  language = "russian"
}
